11111111111111111111111111111111111111111111111111111
222222222222222222222222222222222222222222222222
33333333333333333333333333333333333333
4444444444444444444444444444444444444444
가가가가가가가가가가가가가가
bbbbbbbbbbbbbbbbbbbbbbbbbbbbbbbb
ccccccccccccccccccccccccccccccccccccccccccccccccc
dddddddddddddddddddddddddddddddddddddddddddd
add some content to hello.text
111111111111111111111111111111
wwwwwwwwwwwwwwwwwwwwwwww