11111111111111111111111111111111111111111111111111111
222222222222222222222222222222222222222222222222
33333333333333333333333333333333333333
4444444444444444444444444444444444444444
가가가가가가가가가가가가가가
bbbbbbbbbbbbbbbbbbbbbbbbbbbbbbbb
ccccccccccccccccccccccccccccccccccccccccccccccccc
dddddddddddddddddddddddddddddddddddddddddddd
00000000000000000000000000000000
5555555555555555555555555555
8888888888888888888888888888888888888
88888888888888888888888